@IEEEtranBSTCTL{IEEEexample:BSTcontrol,
      CTLdash_repeated_names = "no"
}
@inproceedings{lee-seneff-2006,
    author = {John Lee and Stephanie Seneff},
    title = {{Automatic Grammar Correction for Second-language Learners}},
    booktitle = {In Interspeech.},
    year = {2006}
}
@InProceedings{nucle,
    author    = {Dahlmeier, Daniel  and  Ng, Hwee Tou  and  Wu, Siew Mei},
    title     = {{Building a Large Annotated Corpus of Learner English: The
        NUS Corpus of Learner English}},
    booktitle = {Proceedings of the 8th Workshop on Innovative Use of
        NLP for Building Educational Applications},
    year      = {2013},
    pages     = {22--31},
}
@InProceedings{icnale,
    author = {Ishikawa, Shinichiro},
    title = {{The ICNALE and Sophisticated Contrastive Interlanguage Analysis of
        Asian Learners of English}},
    booktitle = {{Learner Corpus Studies in Asia and the World}},
    year = {2013},
    pages = {91--118}
}
@InProceedings{conll-shared,
    title={{The CoNLL-2013 Shared Task on Grammatical Error Correction}},
    author={{Ng, Hwee Tou and Wu, Siew Mei and Wu, Yuanbin and Hadiwinoto,
        Christian and Tetreault, Joel}},
    booktitle = {Proceedings of CoNLL 2013},
    year={2013}
}
@InProceedings{conll-shared2,
    title     = {{The CoNLL-2014 Shared Task on Grammatical Error
        Correction}},
    author    = {{Ng, Hwee Tou  and  Wu, Siew Mei  and  Briscoe, Ted  and
        Hadiwinoto, Christian  and  Susanto, Raymond Hendy  and  Bryant,
        Christopher}},
    booktitle = {Proceedings of CoNLL 2014},
    year      = {2014},
    pages     = {1--14},
}
@inproceedings{ctm,
    author = {Zhai, ChengXiang and Velivelli, Atulya and Yu, Bei},
    title = {{A Cross-collection Mixture Model for Comparative Text Mining}},
    booktitle = {Proceedings of ACM SIGKDD 2004},
    year = {2004},
    isbn = {1-58113-888-1},
    pages = {743--748},
}
@book{j-and-m,
    author = {Jurafsky, Daniel and Martin, James H.},
    title = {Speech and Language Processing: An Introduction to NLP,
        Computational Linguistics, and Speech Recognition},
    year = {2000},
    publisher = {Prentice Hall PTR},
}
@online{porter2,
    author = {Martin Porter},
    title = {{The English Porter2 Stemming Algorithm}},
    month = {11},
    year = {2014},
    note = {\url{}}
}
@article{lda,
    author = {Blei, David M. and Ng, Andrew Y. and Jordan, Michael I.},
    title = {{Latent Dirichlet Allocation}},
    journal = {J. Mach. Learn. Res.},
    volume = {3},
    year = {2003},
    pages = {993--1022},
}
@article{feature-selection,
    author = {Zheng, Zhaohui and Wu, Xiaoyun and Srihari, Rohini},
    title = {{Feature Selection for Text Categorization on Imbalanced Data}},
    journal = {SIGKDD Explor. Newsl.},
    issue_date = {June 2004},
    volume = {6},
    number = {1},
    year = {2004},
    issn = {1931-0145},
    pages = {80--89},
}
@InProceedings{lexical-choice,
    author = {Barzilay, Regina and Lee, Lillian},
    title     = {{Bootstrapping Lexical Choice via Multiple-Sequence
        Alignment}},
    booktitle = {Proceedings of EMNLP 2002},
    year      = {2002},
    pages     = {164--171},
}
@inproceedings{paraphrase,
    author = {Barzilay, Regina and Lee, Lillian},
    title = {{Learning to Paraphrase: An Unsupervised Approach Using
        Multiple-sequence Alignment}},
    booktitle = {Proceedings of NAACL 2003},
    year = {2003},
    pages = {16--23},
}
@article{seq-align-survey,
    author = {Li, Heng and Homer, Nils},
    journal = {Briefings in Bioinformatics},
    keywords = {dblp},
    number = 5,
    pages = {473-483},
    title = {{A Survey of Sequence Alignment Algorithms for Next-generation
        Sequencing}},
    volume = 11,
    year = 2010
}
@article{smt-survey,
    author = {Lopez, Adam},
    title = {{Statistical Machine Translation}},
    journal = {ACM Comput. Surv.},
    issue_date = {August 2008},
    volume = {40},
    number = {3},
    year = {2008},
    pages = {8:1--8:49},
    articleno = {8},
}
@inproceedings{tree-kernels,
    author = {Moschitti, Alessandro},
    booktitle = {EACL},
    title = {{Making Tree Kernels Practical for Natural
        Language Learning}},
    year = 2006
}
@inproceedings{on-smoothing,
    author = {Asuncion, Arthur and Welling, Max and Smyth, Padhraic and Teh,
        Yee Whye},
    title = {{On Smoothing and Inference for Topic Models}},
    booktitle = {Proceedings of the 25th Conference on Uncertainty in AI},
    year = {2009},
    pages = {27--34},
}
@article{edit-distance,
    author = {Navarro, Gonzalo},
    title = {{A Guided Tour to Approximate String Matching}},
    journal = {ACM Comput. Surv.},
    volume = {33},
    number = {1},
    year = {2001},
    pages = {31--88},
}
@incollection{phrase-sim,
    year={2004},
    booktitle={Database and Expert Systems Applications},
    volume={3180},
    title={{Phrase Similarity through the Edit Distance}},
    publisher={Springer Berlin Heidelberg},
    author={Vilares, Manuel and Ribadas, Francisco J. and Vilares, Jesus},
    pages={306-317},
}
@article{sentiment,
    author = {Pang, Bo and Lee, Lillian},
    title = {{Opinion Mining and Sentiment Analysis}},
    journal = {Found. Trends In. Ret.},
    issue_date = {January 2008},
    volume = {2},
    number = {1-2},
    year = {2008},
    pages = {1--135},
}
@article{suicide,
    author = {John P. Pestian and Pawel Matykiewicz and Michelle Linn-Gust},
    title = {{What's In a Note: Construction of a Suicide Note Corpus}},
    journal = {Biomedical Informatics Insights},
    volume = {5},
    pages = {1--6},
    year = {2012}
}
@book{ai,
    author = {Norvig, Peter},
    title = {{Paradigms of Artificial Intelligence Programming: Case Studies in
        Common Lisp}},
    year = {1992},
    edition = {1st},
    publisher = {Morgan Kaufmann Publishers Inc.},
}
@InProceedings{nli-task,
    author    = {Tetreault, Joel  and  Blanchard, Daniel  and  Cahill, Aoife},
    title     = {{A Report on the First NLI Shared Task}},
    booktitle = {Proceedings of the Workshop on Innovative Use of
        NLP for Building Educational Applications},
    year      = {2013},
    pages     = {48--57},
}
@article{patriotic,
    author = {Kulkarni, Chinmay and Wei, Koh Pang and Le, Huy and Chia, Daniel
        and Papadopoulos, Kathryn and Cheng, Justin and Koller, Daphne and
            Klemmer, Scott R.},
    title = {{Peer and Self Assessment in Massive Online Classes}},
    journal = {ACM Trans. Comput.-Hum. Interact.},
    volume = {20},
    number = {6},
    year = {2013},
    issn = {1073-0516},
    pages = {33:1--33:31},
    articleno = {33},
}
@InProceedings{scaling-mooc,
    title={{Some Scaling Laws for MOOC Assessments}},
    author={Shah, Nihar and Bradley, Joseph and Balakrishnan, Sivaraman
        and Parekh, Abhay and Ramchandran, Kannan and Wainwright, Martin},
    booktitle = {KDD Workshop on Data Mining for Educational Assessment
        and Feedback},
    year = {2014}
}
@INPROCEEDINGS{wong-contrastive,
    author = {Sze-Meng Jojo Wong and Mark Dras},
    title = {{Contrastive Analysis and Native Language Identification}},
    booktitle = {Proceedings of the Australasian Language Tech.
        Association Workshop},
    year = {2009},
    pages = {53--61},
}
