@inproceedings{grossman:2012,
    author = {Dan Grossman and Ruth E. Anderson},
    title = {Introducing parallelism and concurrency in the data structures course},
    booktitle = {Proceedings of the 43rd ACM technical symposium on Computer Science Education},
    series = {SIGCSE '12},
    year = {2012},
    isbn = {978-1-4503-1098-7},
    location = {Raleigh, North Carolina, USA},
    pages = {505--510},
    numpages = {6},
    url = {http://doi.acm.org/10.1145/2157136.2157285},
    doi = {10.1145/2157136.2157285},
    acmid = {2157285},
    publisher = {ACM},
    address = {New York, NY, USA},
    keywords = {concurrency, data structures, fork-join, mutual exclusion,
    parallelism, undergraduate curriculum},
}
@unpublished{bryant:2010,
    author = {Randal E. Bryant and Klaus Sutner and Mark J. Stehlik},
    title = {Introductory Computer Science Education at Carnegie Mellon University:
            A Deans    Perspective},
    month = {August},
    note = {Rationale for curriculum change},
    year = {2010},
}
@online{uwash:2013,
    author = {Dan Grossman},
    title = {Sophomoric Parallelism and Concurrency},
    month = {August},
    year = {2012},
    url = {http://homes.cs.washington.edu/~djg/teachingMaterials/spac/},
}
@online{tcpp:2013,
    author = {Sushil K. Prasad et al},
    title = {NSF/IEEE-TCPP Curriculum Initiative on Parallel and Distributed Computing -- Core Topics
    for Undergraduates},
    month = {January},
    year = {2013},
    url = {http://cs.gsu.edu/~tcpp/curriculum/?q=home},
}
@online{inspector,
    author = {Intel},
    title = {Intel Inspector XE},
    month = {January},
    year = {2013},
    url = {http://software.intel.com/en-us/intel-inspector-xe},
}
@online{amplifier,
    author = {Intel},
    title = {Intel VTune Amplifier XE},
    month = {January},
    year = {2013},
    url = {http://software.intel.com/en-us/intel-vtune-amplifier-xe},
}
