@inproceedings{2012-robust-nli,
  author    = {Julian Brooke and
               Graeme Hirst},
  title     = {Robust, Lexicalized Native Language Identification},
  booktitle = {COLING},
  year      = {2012},
  pages     = {391-408},
}
@article{2006-detecting,
    AUTHOR = "Na-Rae Han and Martin Chodorow and Claudia Leacock",
    TITLE = "Detecting errors in English article usage by non-native speakers",
    JOURNAL = "Natural Language Engineering",
    PAGES = {115-129},
    YEAR = {2006},
}
@inproceedings{2009-correcting-prepositions,
 author = {Hermet, Matthieu and D{\'e}silets, Alain},
 title = {Using First and Second Language Models to Correct Preposition Errors in Second Language Authoring},
 booktitle = {Proceedings of the Fourth Workshop on Innovative Use of NLP for Building Educational Applications},
 series = {EdAppsNLP '09},
 year = {2009},
 location = {Boulder, Colorado},
 pages = {64--72},
 numpages = {9},
 publisher = {Association for Computational Linguistics},
 address = {Stroudsburg, PA, USA},
}
@inproceedings{2010-article-preposition,
 author = {Gamon, Michael},
 title = {Using Mostly Native Data to Correct Errors in Learners' Writing: A Meta-classifier Approach},
 booktitle = {Human Language Technologies: The 2010 Annual Conference of the North American Chapter of the Association for Computational Linguistics},
 series = {HLT '10},
 year = {2010},
 isbn = {1-932432-65-5},
 location = {Los Angeles, California},
 pages = {163--171},
 numpages = {9},
 url = {http://dl.acm.org/citation.cfm?id=1857999.1858018},
 acmid = {1858018},
 publisher = {Association for Computational Linguistics},
 address = {Stroudsburg, PA, USA},
}
@inproceedings{2010-paradigms,
 author = {Rozovskaya, Alla and Roth, Dan},
 title = {Training Paradigms for Correcting Errors in Grammar and Usage},
 booktitle = {Human Language Technologies: The 2010 Annual Conference of the North American Chapter of the Association for Computational Linguistics},
 series = {HLT '10},
 year = {2010},
 isbn = {1-932432-65-5},
 location = {Los Angeles, California},
 pages = {154--162},
 numpages = {9},
 publisher = {Association for Computational Linguistics},
 address = {Stroudsburg, PA, USA},
}
@inproceedings{2006-smt,
  author = {Brockett, Chris and Dolan, William B. and Gamon, Michael},
  booktitle = {ACL},
  publisher = {The Association for Computer Linguistics},
  timestamp = {2013-03-04T00:00:00.000+0100},
  title = {Correcting ESL Errors Using Phrasal SMT Techniques.},
  year = 2006
}
@inproceedings{2011-brw,
 author = {West, Randy and Park, Y. Albert and Levy, Roger},
 title = {Bilingual Random Walk Models for Automated Grammar Correction of ESL Author-produced Text},
 booktitle = {Proceedings of the 6th Workshop on Innovative Use of NLP for Building Educational Applications},
 series = {IUNLPBEA '11},
 year = {2011},
 isbn = {9781937284039},
 location = {Portland, Oregon},
 pages = {170--179},
 numpages = {10},
 url = {http://dl.acm.org/citation.cfm?id=2043132.2043153},
 acmid = {2043153},
 publisher = {Association for Computational Linguistics},
 address = {Stroudsburg, PA, USA},
}
@InProceedings{2013-task-hit,
  author    = {Xiang, Yang  and  Yuan, Bo  and  Zhang, Yaoyun  and  Wang, Xiaolong  and  Zheng, Wen  and  Wei, Chongqiang},
  title     = {A Hybrid Model For Grammatical Error Correction},
  booktitle = {Proceedings of the Seventeenth Conference on Computational Natural Language Learning: Shared Task},
  month     = {August},
  year      = {2013},
  address   = {Sofia, Bulgaria},
  publisher = {Association for Computational Linguistics},
  pages     = {115--122},
  url       = {http://www.aclweb.org/anthology/W13-3616}
}
@inproceedings{2013-joint,
  author    = {Alla Rozovskaya and Dan Roth},
  title     = {Joint Learning and Inference for Grammatical Error Correction},
  booktitle = {EMNLP},
  year      = {2013},
  pages     = {791-802},
}
@inproceedings{koppel2005,
  title={Determining an author's native language by mining a text for errors},
  author={Koppel, Moshe and Schler, Jonathan and Zigdon, Kfir},
  booktitle={Proceedings of the eleventh ACM SIGKDD international conference on Knowledge discovery in data mining},
  pages={624--628},
  year={2005},
  organization={ACM}
}
@inproceedings{wong2009contrastive,
  title={Contrastive analysis and native language identification},
  author={Wong, Sze-Meng Jojo and Dras, Mark},
  booktitle={Australasian Language Technology Association Workshop 2009},
  pages={53},
  year={2009}
}
@inproceedings{wong-adaptors,
 author = {Wong, Sze-Meng Jojo and Dras, Mark and Johnson, Mark},
 title = {Exploring Adaptor Grammars for Native Language Identification},
 booktitle = {Proceedings of the 2012 Joint Conference on Empirical Methods in Natural Language Processing and Computational Natural Language Learning},
 series = {{EMNLP-CoNLL '12}},
 year = {2012},
 location = {Jeju Island, Korea},
 pages = {699--709},
 numpages = {11},
 address = {Stroudsburg, PA, USA},
}
@inproceedings{wong-rules,
 author = {Wong, Sze-Meng Jojo and Dras, Mark},
 title = {Exploiting Parse Structures for Native Language Identification},
 booktitle = {Proceedings of the Conference on Empirical Methods in Natural Language Processing},
 series = {EMNLP '11},
 year = {2011},
 location = {Edinburgh, United Kingdom},
 pages = {1600--1610},
 numpages = {11},
 address = {Stroudsburg, PA, USA},
}
@inproceedings{swanson,
 author = {Swanson, Ben and Charniak, Eugene},
 title = {Native Language Detection with Tree Substitution Grammars},
 booktitle = {Proceedings of the 50th Annual Meeting of the Association for Computational Linguistics: Short Papers - Volume 2},
 series = {ACL '12},
 year = {2012},
 location = {Jeju Island, Korea},
 pages = {193--197},
 numpages = {5},
 address = {Stroudsburg, PA, USA},
}
@inproceedings{tsur,
 author = {Tsur, Oren and Rappoport, Ari},
 title = {Using Classifier Features for Studying the Effect of Native Language on the Choice of Written Second Language Words},
 booktitle = {Proceedings of the Workshop on Cognitive Aspects of Computational Language Acquisition},
 series = {CACLA '07},
 year = {2007},
 location = {Prague, Czech Republic},
 pages = {9--16},
 numpages = {8},
 address = {Stroudsburg, PA, USA},
}
@article{lda,
 author = {Blei, David M. and Ng, Andrew Y. and Jordan, Michael I.},
 title = {Latent Dirichlet Allocation},
 journal = {J. Mach. Learn. Res.},
 volume = {3},
 month = mar,
 year = {2003},
 issn = {1532-4435},
 pages = {993--1022},
 numpages = {30},
}
@inproceedings{2013-task-uiuc,
  title={The University of Illinois system in the CoNLL-2013 shared task},
  author={Rozovskaya, Alla and Chang, Kai-Wei and Sammons, Mark and Roth, Dan},
  booktitle={In Proceedings of the Seventeenth Conference on Computational Natural Language Learning: Shared},
  year={2013}
}
@InProceedings{2013-task-nthu,
  author    = {Kao, Ting-hui  and  Chang, Yu-wei  and  Chiu, Hsun-wen  and  Yen, Tzu-Hsi  and  Boisson, Joanne  and  Wu, Jian-cheng  and  Chang, Jason S.},
  title     = {CoNLL-2013 Shared Task: Grammatical Error Correction NTHU System Description},
  booktitle = {Proceedings of the Seventeenth Conference on Computational Natural Language Learning: Shared Task},
  month     = {August},
  year      = {2013},
  address   = {Sofia, Bulgaria},
  publisher = {Association for Computational Linguistics},
  pages     = {20--25},
}
@InProceedings{2013-task-nara,
  author    = {Yoshimoto, Ippei  and  Kose, Tomoya  and  Mitsuzawa, Kensuke  and  Sakaguchi, Keisuke  and  Mizumoto, Tomoya  and  Hayashibe, Yuta  and  Komachi, Mamoru  and  Matsumoto, Yuji},
  title     = {NAIST at 2013 CoNLL Grammatical Error Correction Shared Task},
  booktitle = {Proceedings of the Seventeenth Conference on Computational Natural Language Learning: Shared Task},
  month     = {August},
  year      = {2013},
  address   = {Sofia, Bulgaria},
  publisher = {Association for Computational Linguistics},
  pages     = {26--33},
}
@InProceedings{2013-task-umc,
  author    = {Xing, Junwen  and  Wang, Longyue  and  Wong, Derek F.  and  Chao, Lidia S.  and  Zeng, Xiaodong},
  title     = {UM-Checker: A Hybrid System for English Grammatical Error Correction},
  booktitle = {Proceedings of the Seventeenth Conference on Computational Natural Language Learning: Shared Task},
  month     = {August},
  year      = {2013},
  address   = {Sofia, Bulgaria},
  publisher = {Association for Computational Linguistics},
  pages     = {34--42},
}
@InProceedings{2013-task-all,
  author    = {Ng, Hwee Tou  and  Wu, Siew Mei  and  Wu, Yuanbin  and  Hadiwinoto, Christian  and  Tetreault, Joel},
  title     = {The CoNLL-2013 Shared Task on Grammatical Error Correction},
  booktitle = {Proceedings of the Seventeenth Conference on Computational Natural Language Learning: Shared Task},
  month     = {August},
  year      = {2013},
  address   = {Sofia, Bulgaria},
  publisher = {Association for Computational Linguistics},
  pages     = {1--12},
}
@inproceedings{adaptor-grammars,
  author    = {Mark Johnson and
               Thomas L. Griffiths and
               Sharon Goldwater},
  title     = {Adaptor Grammars: A Framework for Specifying Compositional
               Nonparametric Bayesian Models},
  booktitle = {NIPS},
  year      = {2006},
  pages     = {641-648},
}
@inproceedings{tsgs,
 author = {Blunsom, Phil and Cohn, Trevor},
 title = {Unsupervised Induction of Tree Substitution Grammars for Dependency Parsing},
 booktitle = {Proceedings of the 2010 Conference on Empirical Methods in Natural Language Processing},
 series = {EMNLP '10},
 year = {2010},
 location = {Cambridge, Massachusetts},
 pages = {1204--1213},
 numpages = {10},
 publisher = {Association for Computational Linguistics},
 address = {Stroudsburg, PA, USA},
}
@inproceedings{kim-2011,
 author = {Kim, Sangkyum and Kim, Hyungsul and Weninger, Tim and Han, Jiawei and Kim, Hyun Duk},
 title = {Authorship Classification: A Discriminative Syntactic Tree Mining Approach},
 booktitle = {Proceedings of the 34th International ACM SIGIR Conference on Research and Development in Information Retrieval},
 series = {SIGIR '11},
 year = {2011},
 isbn = {978-1-4503-0757-4},
 location = {Beijing, China},
 pages = {455--464},
 numpages = {10},
 publisher = {ACM},
 address = {New York, NY, USA},
}
@inproceedings{massung,
  author    = {Sean Massung and Chengxiang Zhai and Julia Hockenmaier},
  title     = {Structural Parse Tree Features for Text Representation},
  booktitle = {ICSC},
  year      = {2013},
  pages     = {9-16},
}
@inproceedings{2006-agc,
    author = {John Lee and Stephanie Seneff},
    title = {Automatic grammar correction for second-language learners},
    booktitle = {In INTERSPEECH. ISCA},
    year = {2006}
}
@ARTICLE{1992-spelling,
    AUTHOR = "Karen Kukich",
    TITLE = "Techniques for Automatically Correcting Words in Text",
    JOURNAL = "ACM Comput. Surv.",
    PAGES = {377-439},
    YEAR = {1992},
}
@online{british-council,
    author = {British Council},
    title = {{How Many People Speak English?}},
    note = {\url{http://www.britishcouncil.org/learning-faq-the-english-language.htm}},
    month = {April},
    year = {2014}
}
@inproceedings{linggle,
  author    = {Joanne Boisson and
               Ting-hui Kao and
               Jian-Cheng Wu and
               Tzu-Hsi Yen and
               Jason S. Chang},
  title     = {Linggle: a Web-scale Linguistic Search Engine for Words
               in Context},
  booktitle = {ACL (Conference System Demonstrations)},
  year      = {2013},
  pages     = {139-144},
}
